@STRING{C_ICCAD   = "Proc. Int. Conf. Comput.-Aided Des."}
@STRING{C_DAC     = "Proc. Design Autom. Conf."}
@STRING{C_ASPDAC  = "Proc. Asia and South Pacific Des. Autom. Conf."}
@STRING{C_DATE    = "Proc. Design, Automation, and Test Europe Conf."}
@STRING{C_CICC    = "Proc. Custom Integr. Circuits Conf."}
@STRING{C_IWLS    = "Proc. Int. Workshop Logic \& Synthesis"}
@STRING{C_ISQED   = "Proc. Int. Symp. Quality Electron. Des."}
@STRING{C_ISCAS   = "Proc. Int. Symp. Circuits and Syst."}
@STRING{C_ISPD    = "Proc. Int. Symp. Phy. Des."}
@STRING{C_VTS     = "Proc. VLSI Test Symp."}
@STRING{C_ATS     = "Proc. Asia Test Symp."}
@STRING{C_ITC     = "Proc. Int. Test Conf."}
@STRING{C_ICCD     = "Proc. Int. Conf. Comput. Des."}

@STRING{C_ISED     = "Proc. Int. Symp. Electron. Syst. Des."}
@STRING{C_DTIP     = "Proc. Int. Symp. Electron. Syst. Des."}

@STRING{J_Integr_VLSI   = "Integr. VLSI J."}
@STRING{J_ETC   = "{ACM} J. Emerg. Technol. Comput. Syst."}

