*******************************************************************************
before 2010:
@article{JDCF01,
	author    = {Jie Ding and Krishnendu Chakrabarty and Richard B. Fair},
	title     = {Scheduling of Microfluidic Operations for Reconfigurable Two-Dimensional Electrowetting Arrays},
	journal   = IEEE_J_CAD,
	volume    = {20},
	number    = {12},
	year      = {2001},
	pages     = {1463--1468},
}
@inproceedings{FSOC03,
	author    = {Fei Su and Sule Ozev and Krishnendu Chakrabarty},
	title     = {Testing of Droplet-Based Microelectrofluidic Systems},
	booktitle = C_ITC,
	year      = {2003},
	pages     = {1192--1200},
}
@inproceedings{SuCh04,
	author = {Su, Fei and Chakrabarty, K.},
	title = {Architectural-level Synthesis of Digital Microfluidics-based Biochips},
	booktitle = C_ICCAD,
	year = {2004},
	pages = {223--228},
} 
@inproceedings{FSKC05,
	author={Fei Su and Krishnendu Chakrabarty},
	title= {Unified High-Level Synthesis and Module Placement for Defect-Tolerant Microfluidic Biochips},
	booktitle = C_DAC,
	year = {2005},
	pages = {825--830},
} 
@inproceedings{RIVI06,
	author = {Andrew J. Ricketts and Kevin Irick and N. Vijaykrishnan and Mary Jane Irwin},
	title = {Priority Scheduling in Digital Microfluidics-Based Biochips},
	booktitle = C_DATE,
	year = {2006},
	pages = {329--334},
} 
@article{FSKF06,
	author = {Fei Su and Krishnendu Chakrabarty and Richard B. Fair},
	title = {Microfluidics-based biochips: technology issues, implementation platforms, and design automation challenges},
	journal = IEEE_J_CAD,
	year = {2006},
	volume = {25},
	number = {2},
	pages = {211--223},
}
@book{testcase2,
	author = {K. Chakrabarty and F. Su},
	title = {Digital Microfluidic Biochips: Synthesis, Testing, and Reconfiguration Techniques},
	year = {2006},
	publisher = {Boca Raton, FL: CRC Press},
} 
@inproceedings{TXKC07,
	author    = {Tao Xu and Krishnendu Chakrabarty},
	title     = {Functional testing of digital microfluidic biochips},
	booktitle = C_ITC,
	year      = {2007},
	pages     = {1--10},
}
@article{PYYC07,
	author    = {Ping-Hung Yuh and Chia-Lin Yang and Yao-Wen Chang},
	title     = {Placement of defect-tolerant digital microfluidic biochips using the T-tree formulation},
	journal   = J_ETC,
	volume    = {3},
	number    = {3},
	year      = {2007},
	pages     = {13:1--13:32},
}
@article{HGKE07,
	author    = {Hans G. Kerkhoff},
	title     = {Testing Microelectronic Biofluidic Systems},
	journal   = {IEEE Des. {\&} Test of Comput.},
	volume    = {24},
	number    = {1},
	year      = {2007},
	pages     = {72--82},
}
@inproceedings{ISCA07,
	author = {Ahmed M. Amin and Mithuna Thottethodi and T.N. Vijaykumar and Steven Werely and Stephen C. Jacobson},
	title = {Aquacore: a programmable architecture for microfluidics},
	booktitle = C_ISCA,
	year = {2007},
	pages = {254--265},
} 
@inproceedings{TXKC08,
	author    = {Tao Xu and Krishnendu Chakrabarty},
	title     = {Broadcast electrode-addressing for pin-constrained multi-functional digital microfluidic biochips},
	booktitle = C_DAC,
	year      = {2008},
	pages     = {173--178},
}
@article{SuC08,
	author    = {Fei Su and Krishnendu Chakrabarty},
	title     = {High-level synthesis of digital microfluidic biochips},
	journal   = J_ETC,
	volume    = {3},
	number    = {4},
	year      = {2008},
}
@article{MCDP08,
	author    = {Minsik Cho and David Z. Pan},
	title     = {A High-Performance Droplet Routing Algorithm for Digital Microfluidic Biochips},
	journal   = IEEE_J_CAD,
	volume    = {27},
	number    = {10},
	year      = {2008},
	pages     = {1714--1724},
}
@inproceedings{TXKC09,
	author    = {Tao Xu and Krishnendu Chakrabarty},
	title     = {Design-for-Testability for Digital Microfluidic Biochips},
	booktitle = C_VTS,
	year      = {2009},
	pages     = {309--314},
}
@inproceedings{AminTA09,
	author    = {Nada Amin and William Thies and Saman P. Amarasinghe},
 	title     = {Computer-aided design for microfluidic chips based on multilayer soft lithography},
 	booktitle = C_ICCD,
 	year      = {2009},
 	pages     = {2--9},
}
@article{YSYC09,
	author    = {Ping-Hung Yuh and Sachin S. Sapatnekar and Chia-Lin Yang and Yao-Wen Chang},
	title     = {A Progressive-ILP-Based Routing Algorithm for the Synthesis of Cross-Referencing Biochips},
	journal   = IEEE_J_CAD,
	volume    = {28},
	number    = {9},
	year      = {2009},
	pages     = {1295--1306},
}
*******************************************************************************
2010:
@inproceedings{PP10,
	author    = {W. H. Minhass and P. Pop and J. Madsen and  M. Hemmingsen and M. Dufva},
	title     = {System-Level Modeling and Simulation of the Cell Culture Microfluidic Biochip ProCell},
	booktitle = "IEEE DTIP",
	year      = {2010},
	pages     = {91--98},
}
@inproceedings{dwasheda10,
	author = {Yang Zhao and Krishnendu Chakrabarty},
	title = {Synchronization of Washing Operations with Droplet Routing for Cross-Contamination Avoidance in Digital Microfluidic Biochips},
	booktitle = C_DAC,
	year = {2010},
	pages = {635--640},
} 
@article{sample4,
	author    = {S. Roy and B. B. Bhattacharya and K. Chakrabarty},
	title     = {Optimization of dilution and mixing of biochemical samples using digital microfluidic biochips},
	journal   = IEEE_J_CAD,
	year      = {2010},
	volume    = {29},
	pages     = {1696--1708},
	number	  = {11},
}
@article{CLYC10,
	author    = {Cliff Chiung-Yu Lin and Yao-Wen Chang},
	title     = {{ILP}-Based Pin-Count Aware Design Methodology for Microfluidic Biochips},
	journal   = IEEE_J_CAD,
	volume    = {29},
	number    = {9},
	year      = {2010},
	pages     = {1315--1327},
}
@article{r10,
	author    = {T.-W. Huang and C.-H. Lin and T.-Y. Ho},
	title     = {A Contamination Aware Droplet Routing Algorithm for the Synthesis of Digital Microfluidic Biochips},
	journal   = IEEE_J_CAD,
	year      = {2010},
	volume    = {29},
	number    = 11,
	pages     = {1682--1695},
}
@article{CKFZ10,
	author = {Chakrabarty, Krishnendu and Fair, Richard B. and Zeng, Jun},
	title = {Design Tools for Digital Microfluidic Biochips: Toward Functional Diversification and More Than Moore},
	journal = IEEE_J_CAD,
	volume = {29},
	number = {7},
	year = {2010},
	pages = {1001--1017},
} 
*******************************************************************************
2011:
@inproceedings{HMPM11,
	author = {Wajid Hassan Minhass and Paul Pop and Jan Madsen},
	title = {System-level Modeling and Synthesis of Flow-based Microfluidic Biochips},
	booktitle = {Proc. Int. Conf. Compil., Arch. and Syn. Embed. Sys.},
	year = {2011},
	pages = {225--234},
} 
@inproceedings{THHC11,
	author    = {Tsung-Wei Huang and Tsung-Yi Ho and Krishnendu Chakrabarty},
	title     = {Reliability-oriented broadcast electrode-addressing for pin-constrained digital microfluidic biochips},
	booktitle = C_ICCAD,
	year      = {2011},
	pages     = {448--455},
}
@article{THYH11,
	author    = {Tsung-Wei Huang and Shih-Yuan Yeh and Tsung-Yi Ho},
	title     = {A Network-Flow Based Pin-Count Aware Routing Algorithm for Broadcast-Addressing EWOD Chips},
	journal   = IEEE_J_CAD,
	volume    = {30},
	number    = {12},
	year      = {2011},
	pages     = {1786--1799},
}
*******************************************************************************
2012:
@inproceedings{HMPM12,
	author = {Wajid Hassan Minhass and Paul Pop and Jan Madsen and Felician Stefan Blaga},
	title = {Architectural Synthesis of Flow-Based Microfluidic Large-Scale Integration Biochips},
	booktitle = {Proc. Int. Conf. Compil., Arch. and Syn. Embed. Sys.},
	year = {2012},
	pages = {181--190},
} 
@inproceedings{sample2,
	author = {S. Roy and B. B. Bhattacharya and S. Ghoshal and K. Chakrabarty},
	title = {Low-cost dilution engine for sample preparation in digital microfluidic biochips},
	booktitle = C_ISED,
	year = {2012},
	pages = {203--207},
} 
@inproceedings{MGCB12,
	author    = {Debasis Mitra and Sarmishtha Ghoshal and Hafizur Rahaman and Krishnendu Chakrabarty and Bhargab B.  Bhattacharya},
	title     = {On-Line Error Detection in Digital Microfluidic Biochips},
	booktitle = C_ATS,
	year      = {2012},
	pages     = {332--337},
}
*******************************************************************************
2013:
@inproceedings{TYLHasp13,
	author    = {K.-H. Tseng and S.-C. You and W. H. Minhass and T.-Y. Ho and P. Pop},
	title     = {A Network-Flow Based Valve-Switching Aware Binding Algorithm for Flow-Based Microfluidic Biochips},
	booktitle = C_ASPDAC,
	year      = {2013},
	pages     = {213--218},
}
@inproceedings{TYLH13,
	author    = {Kai-Han Tseng and Sheng-Chi You and Jhe-Yu Liou and Tsung-Yi Ho},
	title     = {A top-down synthesis methodology for flow-based microfluidic biochips considering valve-switching minimization},
	booktitle = C_ISPD,
	year      = {2013},
	pages     = {123--129},
}
@inproceedings{DYHA13,
	author    = {Trung Anh Dinh and Shigeru Yamashita and Tsung-Yi Ho and Yuko Hara-Azumi},
	title     = {A clique-based approach to find binding and scheduling result in flow-based microfluidic biochips},
	booktitle = C_ASPDAC,
	year      = {2013},
	pages     = {199--204},
}
@article{MEPJ13,
	author = {Maftei, Elena and Pop, Paul and Madsen, Jan},
	title = {Module-Based Synthesis of Digital Microfluidic Biochips with Droplet-Aware Operation Execution},
	journal = J_ETC,
	volume = {9},
	number = {1},
	year = {2013},
	pages = {2:1--2:21},
} 
@inproceedings{Paul13,
	author    = {Wajid Hassan Minhass and Paul Pop and Jan Madsen and Tsung-Yi Ho},
	title     = {Control synthesis for the flow-based microfluidic large-scale integration biochips},
	booktitle = C_ASPDAC,
	year      = {2013},
	pages     = {205--212},
}
*******************************************************************************
2014:
@inproceedings{Kai14,
	author = {K. Hu and T.-Y. Ho and K. Chakrabarty},
	title = {Wash Optimization for Cross-Contamination Removal in Flow-Based Microfluidic Biochips},
	booktitle = C_ASPDAC,
	year = {2014},
	pages = {244--249},
} 
@inproceedings{ratio14,
	author = {S. Roy and S. Kumar and P. P. Chakrabarti and B. B. Bhattacharya and K. Chakrabarty},
	title = {Demand-Driven Mixture Preparation and Droplet Streaming using Digital Microfluidic Biochips},
	booktitle = C_DAC,
	year = {2014},
	pages = {1--6},
} 
@inproceedings{dwasheda14,
	author = {Qin Wang and Yiren Shen and Hailong Yao and Tsung-Yi Ho and Yici Cai},
	title = {Practical Functional and Washing Droplet Routing for Cross-Contamination Avoidance in Digital Microfluidic Biochips},
	booktitle = C_DAC,
	year = {2014},
	pages = {143:1--143:6},
} 
@inproceedings{PD14,
	author = {Chun-Xun Lin and Chih-Hung Liu and I-Che Chen and D. T. Lee and Tsung-Yi Ho},
	title = {An Efficient Bi-criteria Flow Channel Routing Algorithm For Flow-based Microfluidic Biochips},
	booktitle = C_DAC,
	year = {2014},
	pages = {141:1--141:6},
} 
@article{dwash14,
	author    = {Nicolas Vergauwe and Steven Vermeir and Josias B. Wacker and Frederik Ceyssens and Matteo Cornaglia and Robert Puers and Martin A.M. Gijs and Jeroen Lammertyn and Daan Witters},
	title     = {A highly efficient extraction protocol for magnetic particles on a digital microfluidic chip},
	journal   = "Sensors and Actuators B: Chemical",
	year      = {2014},
	pages     = {282--291},
}
@article{sample3,
	author    = {S. Bhattacharjee and A. Banerjee and B. B. Bhattacharya},
	title     = {Sample preparation with multiple dilutions on digital microfluidic biochips},
	journal   = "IET Compute. \& Digital Tech",
	year      = {2014},
	volume    = {8},
	pages     = {49--58},
	number	  = {1},
}
@article{DGPB14,
	author    = {Daniel T. Grissom and Philip Brisk},
	title     = {Fast Online Synthesis of Digital Microfluidic Biochips},
	journal   = IEEE_J_CAD,
	volume    = {33},
	number    = {3},
	year      = {2014},
	pages     = {356--369},
}
@article{Test14,
	author    = {Kai Hu and Feiqiao Yu and Tsung-Yi Ho and Krishnendu Chakrabarty},
	title     = {Testing of Flow-based Microfluidic Biochips: Fault Modeling, Test Generation, and Experimental Demonstration},
	journal   = IEEE_J_CAD,
	volume    = {33},
	number    = {10},
	pages     = {1463--1475},
	year      = {2014},
}
*******************************************************************************
2015:
@inproceedings{MYDAC15,
	author = {Tsun-Ming Tseng and Bing Li and Tsung-Yi Ho and Ulf Schlichtmann},
	title = {Reliability-aware Synthesis for Flow-based Microfluidic Biochips by Dynamic-device Mapping},
	booktitle = C_DAC,
	year = {2015},
	pages = {141:1--141:6},
} 
@article{PDQin15,
	author    = {Haiilong Yao and Qin Wang and Yizhong Ru and Tsung-Yi Ho and Yici Cai},
	title     = {Integrated Flow-Control Co-Design Methodology for Flow-Based Microfluidic Biochips},
	journal   = IEEE_M_DTC,
	volume    = {32},
	number    = {6},
	pages     = {60--68},
	year      = {2015},
}
@article{McDaniel15,
	author    = {Jeffrey McDaniel and Brian Crites and Philip Brisk and William H. Grover},
	title     = {Flow-Layer Physical Design for Microchips Based on Monolithic Membrane Valves},
	journal   = IEEE_M_DTC,
	volume    = {32},
	number    = {6},
	pages     = {51--59},
	year      = {2015},
}
@inproceedings{YaoDAC15,
	author = {Hailong Yao and Tsung-Yi Ho and Yici Cai},
	title = {PACOR: Practical Control-Layer Routing Flow with Length-Matching Constraint for Flow-Based Microfluidic Biochips},
	booktitle = C_DAC,
	pages = {142:1--142:6},
	year  = {2015},
} 
@article{MYDTC15,
        author    = {Tsun-Ming Tseng and Bing Li and Ulf Schlichtmann and Tsung-Yi Ho},
        title     = {Storage and Caching: Synthesis of Flow-Based Microfluidic Biochips},
        journal   = IEEE_M_DTC,
	volume    = {32},
	number    = {6},
	pages     = {69--75},
        year      = {2015},
}
*******************************************************************************
2016:
@inproceedings{MYDATE16,
	author = {Mengchu Li and Tsun-Ming Tseng and Bing Li and Tsung-Yi Ho and Ulf Schlichtmann},
	title = {Sieve-valve-aware Synthesis of Flow-based Microfluidic Biochips Considering Specific Biological Execution Limitations},
	booktitle = C_DATE,
	pages = {624--629},
	year = {2016},
} 
@inproceedings{MYDAC16,
	author = {Tsun-Ming Tseng and Mengchu Li and Bing Li and Tsung-Yi Ho and Ulf Schlichtmann},
	title = {Columba: Co-Layout Synthesis for Continuous-Flow Microfluidic Biochips},
	booktitle = C_DAC,
	pages = {147:1--147:6},
	year = {2016},
} 
@article{MYTCADMAT16,
	author    = {Tsun-Ming Tseng and Bing Li and Mengchu Li and Tsung-Yi Ho and Ulf Schlichtmann},
	title     = {Reliability-aware Synthesis with Dynamic Device Mapping and Fluid Routing for Flow-based Microfluidic Biochips},
	journal   = IEEE_J_CAD,
	volume    = {35},
	number    = {12},
	pages     = {1981--1994},
	year      = {2016},
}
*******************************************************************************
2017:
@article{KaiTCAD17,
	author    = {Kai Hu and Trung Anh Dinh and Tsung-Yi Ho and Krishnendu Chakrabarty},
	title     = {Control-Layer Routing and Control-Pin Minimization for Flow-Based Microfluidic Biochips},
	journal   = IEEE_J_CAD,
	volume    = {36},
	number    = {1},
	year      = {2017},
	pages     = {55--68},
}
@article{UCRTECS17,
	author    = {Brian Crites and Karen Kong and Philip Brisk},
	title     = {Diagonal Component Expansion for Flow-Layer Placement of Flow-Based Microfluidic Biochips},
	journal   = {{ACM} Trans. on Embedded Comput. Syst.},
	volume    = {16},
	number    = {5s},
	year      = {2017},
	pages     = {126:1--126:18},
}
@inproceedings{MYDAC17,
	author = {Mengchu Li and Tsun-Ming Tseng and Bing Li and Tsung-Yi Ho and Ulf Schlichtmann},
	title = {Component-Oriented High-level Synthesis for Continuous-Flow Microfluidics Considering Hybrid-Scheduling},
	booktitle = C_DATE,
	pages = {51:1--51:6},
	year = {2017},
} 
*******************************************************************************
2018:
@article{Columba2TCAD18,
	author    = {Tsun-Ming Tseng and Mengchu Li and Daniel Nestor Freitas and Travis McAuley and Bing Li and Tsung-Yi Ho and Ismail Emre Araci and Ulf Schlichtmann},
	title     = {Columba 2.0: A Co-Layout Synthesis Tool for Continuous-Flow Microfluidic Biochips},
	journal   = IEEE_J_CAD,
	year      = {Early Access},
}
