*******************************************************************************
before 2002:
@article{AMGW90,
	author = {A. Manz and N. Graber and H. M. Widmer},
	title = {Miniaturized total chemical analysis systems: A novel concept for chemical sensing},
	journal = {Sensors and Actuators B: Chemical},
	volume = {1},
	number = {1-6},
	year = {1990},
	pages = {244--248},
} 
@book{RNase00,
	author = {R. S. Tuan and C. W. Lo},
	title = {Developmental Biology Protocols: Volume III},
	year = {2000},
	publisher = {Humana Press},
} 
@article{quake00,
	author    = {M. A. Unger and H.-P. Chou and T. Thorsen and A. Scherer and S. R. Quake},
	title     = {Monolithic Microfabricated Valves and Pumps by Multilayer Soft Lithography},
	journal   = "Science",
	year      = {2000},
	volume    = {288},
	number    = 5463,
	pages     = {113--116},
}
@inproceedings{LMCS01,
	author = {Lee, J. and Moon, H. and Fowler, J. and Chang-Jin Kim and Schoellhammer, T.},
	title = {Addressable micro liquid handling by electric control of surface tension},
	booktitle = {Int. Conf. Micro Electro Mech. Sys.},
	year = {2001},
	pages = {499--502},
} 
@article{HCUQ01,
	author = {Hou-Pu Chou and Marc A. Unger and Stephen R.  Quake},
	title = {A Microfabricated Rotary Pump},
	journal = {Biomed. Microdevices},
	year = {2001},
	volume = {3},
	number = {4},
	pages = {323--330},
}
*******************************************************************************
2002:
@inproceedings{CFMK02,
	author = {Sung Kwon Cho and Shih-Kang Fan and Hyejin Moon and Chang-Jin Kim},
	title = {Towards digital microfluidic circuits: creating, transporting, cutting and merging liquid droplets by electrowetting-based actuation},
	booktitle = {Int. Conf. Micro Electro Mech. Sys.},
	year = {2002},
	pages = {32--35},
} 
@article{TTMQ02,
	author = {Todd Thorsen and Sebastian J. Maerkl and Stephen R. Quake},
	title = {Microfluidic Large-Scale Integration},
	journal = {Science},
	year = {2002},
	volume = {298},
	number = {5593},
	pages = {580--584},
}
@article{HeatingMixer02,
	author = {Jian Liu and Markus Enzelberger and Stephen Quake},
	title = {A nanoliter rotary device for polymerase chain reaction},
	journal = {Electrophoresis},
	year = {2002},
	volume = {23},
	pages = {1531--1536},
}
@article{LED02,
	author = {Mark L. Adams and Guy A. DeRose and Stephen R. Quake and Axel Scherer},
	title = {Fundamental approach for optoelectronic and microfluidic integration for miniaturizing spectroscopic devices},
	journal = {Proceedings of SPIE},
	year = {2002},
	volume = {4647},
	pages = {1--6},
}
*******************************************************************************
2003:
@article{JL03,
	author = {Jian Liu and Carl Hansen and Stephen R. Quake},
	title = {Solving the ``World-to-Chip'' Interface Problem with a Microfluidic Matrix},
	journal = {Anal. Chem.},
	year = {2003},
	volume = {75},
	pages = {4718--4723},
}
@inproceedings{testcase1,
	author    = {H. Ren and V. Srinivasan and R. Fair},
	title     = {Design and testing of an interpolating mixing architecture for electrowetting-based droplet-on-chip chemical dilution},
	booktitle = "Int. Conf. on Solid-State Sensors, Actuators and Microsystems",
	year      = {2003},
	pages     = {619--622},
}
@article{EVNR03,
	author = {Elisabeth Verpoorte and Nico F. De Rooij},
	title = {Microfluidics meets {MEMS}},
	journal = IEEE_J_PROC,
	year = {2003},
	volume = {91},
	number = {6},
	pages = {930--953},
}
@article{Beam03,
	author = {Elena M. Filippova and Denise C. Monteleone and John G. Trunk and Betsy M. Sutherland and Stephen R. Quake and John C. Sutherland},
	title = {Quantifying Double-Strand Breaks and Clustered Damages in DNA by Single-Molecule Laser Fluorescence Sizing},
	journal = {Biophysical Journal},
	year = {2003},
	volume = {84},
	pages = {1281--1290},
}
*******************************************************************************
2004:
@article{tear04,
	author    = {D. Langemann},
	title     = {The Free Transmission Problem for a Water Droplet},
	journal   = "Large-Scale Scientific Computing",
	year      = {2004},
	volume    = {2907},
	pages     = {387--395},
}
@article{bubble04,
	author    = {Peter Woias},
	title     = {Micropumps—past, progress and future prospects},
	journal   = "Sensors and Actuators B: Chemical",
	year      = {2004},
	volume    = {105(1)},
	pages     = {28--38},
}
@article{SV04,
	author    = {Jong Wook Hong and Vincent Studer and Giao Hang and W French Anderson and Stephen R Quake},
	title     = {A nanoliter-scale nucleic acid processor with parallel architecture},
	journal   = "Nature Biotechnology",
	year      = {2004},
	volume    = {22},
	number    = 4,
	pages     = {435--439},
}
*******************************************************************************
2005:
@article{MFpatns,
	author    = {Todd M. Squires and Stephen R. Quake},
	title     = {Microfluidics: Fluid physics at the nanoliter scale},
	journal   = "Reviews Of Modern Physics",
	volume    = {77},
	number    = {3},
	year      = {2005},
	pages     = {977--1026},
}
@article{SV05,
	author    = {Chung-Cheng Lee and Guodong Sui and Arkadij Elizarov and Chengyi Jenny Shu and Young-Shik Shin and Alek N. Dooley and Jiang Huang and Antoine Daridon and Paul Wyatt and David Stout and Hartmuth C. Kolb and Owen N. Witte and Nagichettiar Satyamurthy and James R. Heath and Michael E. Phelps and Stephen R. Quake and Hsian-Rong Tseng},
	title     = {Multistep Synthesis of a Radiolabeled Imaging Probe Using Integrated Microfluidics},
	journal   = "Science",
	year      = {2005},
	volume    = {310},
	number    = 5755,
	pages     = {1793--1796},
}
@article{ratio05,
	author    = {Frederick K. Balagadde and Lingchong You and Carl L. Hansen and Frances H. Arnold and Stephen R. Quake},
	title     = {Long-Term Monitoring of Bacteria Undergoing Programmed Population Control in a Microchemostat},
	journal   = "Science",
	year      = {2005},
	volume    = {309},
	number    = 5731,
	pages     = {137--140},
}
*******************************************************************************
2006:
@article{Marcus06,
	author = {Joshua S. Marcus and W. French Anderson and Stephen R. Quake},
	title = {Microfluidic Single-Cell m{RNA} Isolation and Analysis},
	journal = {Anal. Chem.},
	year = {2006},
	volume = {78},
	pages = {3084--3089},
}
@article{GasPer06,
	author = {Michael W. Toepke and David J. Beebe},
	title = {{PDMS} absorption of small molecules and consequences in microfluidic applications},
	journal   = "Lab on a Chip",
	year = {2006},
	volume    = {6},
	pages     = {1484--1486},
}
@article{celltrap06,
	author = {Dino Di Carlo and Nima Aghdam and Luke P. Lee},
	title = {Single-Cell Enzyme Concentrations, Kinetics, and Inhibition Analysis Using High-Density Hydrodynamic Cell Isolation Arrays},
	journal = {Anal. Chem.},
	year = {2006},
	volume = {78},
	pages = {4925--4930},
}
@article{Nature06,
	author    = {P. Yager and T. Edwards and E. Fu and K. Helton and K. Nelson and M. R. Tam and B. H. Weigl},
	title     = {Microfluidic diagnostic technologies for global public health},
	journal   = "Nature",
	year      = {2006},
	volume    = {442},
	pages     = {412--418},
}
@article{goodbubble06,
	author    = {Piotr Garstecki and Michael J. Fuerstman and Michael A. Fischbach and Samuel K. Sia and George M. Whitesides},
	title     = {Mixing with bubbles: a practical technology for use with portable microfluidic devices},
	journal   = "Lab on a Chip",
	year      = {2006},
	volume    = {6},
	pages     = {207--212},
}
*******************************************************************************
2007:
@article{screen07,
	author    = {Zhanhui Wang and Min-Cheol Kim and Manuel Marquez and Todd Thorsen},
	title     = {High-density microfluidic arrays for cell cytotoxicity analysis},
	journal   = "Lab on a Chip",
	year      = {2007},
	volume    = {7},
	pages     = {740--745},
}
@article{bubble07,
	author    = {Chul-Ho Cho and Woong Cho and Yoomin Ahn and Seung-Yong Hwang},
	title     = {{PDMS}–glass serpentine microchannel chip for time domain {PCR} with bubble suppression in sample injection},
	journal   = "J. Micromech. Microeng.",
	year      = {2007},
	volume    = {17},
	number    = 9,
	pages     = {1810--1817},
}
@article{JMSQ07,
	author    = {J. Melin and S. Quake},
	title     = {Microfluidic large-scale integration: the evolution of design rules for biological automation},
	journal   = "Annu. Rev. Biophys. Biomol. Struct.",
	year      = {2007},
	volume    = {36},
	pages     = {213-231},
}
@article{SV07,
	author    = {Yanyi Huang and Piero Castrataro and Cheng-Chung Lee and Stephen R. Quake},
	title     = {Solvent resistant microfluidic {DNA} synthesizer},
	journal   = "Lab on a Chip",
	year      = {2007},
	volume    = {7},
	pages     = {24--26},
}
@article{cellculture07,
	author    = {Rafael Gomez-Sjoeberg and Anne A. Leyrat and Dana M. Pirone and Christopher S. Chen and Stephen R. Quake},
	title     = {Versatile, Fully Automated, Microfluidic Cell Culture System},
	journal   = "Anal. Chem",
	year      = {2007},
	volume    = {79},
	pages     = {8557--8563},
}
@article{celltrap07,
	author    = {Yann Marcy and Thomas Ishoey and Roger S. Lasken and Timothy B. Stockwell and Brian P. Walenz and Aaron L. Halpern and Karen Y. Beeson and Susanne M. D. Goldberg and Stephen R. Quake},
	title     = {Nanoliter reactors improve multiple displacement amplification of genomes from single cells},
	journal   = "PLoS Genet",
	year      = {2007},
	volume    = {9},
	pages     = {e155},
	number	  = {3},
}
*******************************************************************************
2008:
@article{sample1,
	author    = {W. Thies and J. P. Urbanski and T. Thorsen and S. Amarasinghe},
	title     = {Abstraction layers for scalable microfluidic biocomputing},
	journal   = "Natural Comput.",
	year      = {2008},
	volume    = {7},
	pages     = {255--275},
	number	  = {2},
}
@article{bubble08,
	author    = {Joo H. Kang and Yu Chang Kim and Je-Kyun Park},
	title     = {Analysis of pressure-driven air bubble elimination in a microfluidic device},
	journal   = "Lab on a Chip",
	year      = {2008},
	volume    = {8},
	pages     = {176--178},
}
@article{goodbubble08,
	author    = {S. S. Wang and Z. J. Jiao and X. Y. Huang and C. Yang and N. T. Nguyen},
	title     = {Acoustically induced bubbles in a microfluidic channel for mixing enhancement},
	journal   = "Microfluidics and Nanofluidics",
	year      = {2008},
	volume    = {6(6)},
	pages     = {207--212},
}
@article{JEMP08,
	author = {Jeffrey M. Perkel},
	title = {Microfluidics: Binging New Things to Life Science},
	journal = {Science},
	year = {2008},
	volume = {322},
	number = {5903},
	pages = {975--977},
}
@article{cDNA08,
	author = {Jiang F. Zhong and Yan Chen and Joshua S. Marcus and Axel Scherer and Stephen R. Quake and Clive R. Taylor and Leslie P. Weiner},
	title = {A microfluidic processor for gene expression profiling of single human embryonic stem cells},
	journal = {Lab on a Chip},
	year = {2008},
	volume = {8},
	number = {1},
	pages = {68--74},
}
*******************************************************************************
2009:
@article{hseq09,
	author    = {Richard A White III and Paul C Blainey and H Christina Fan and Stephen R Quake},
	title     = {Digital {PCR} provides sensitive and absolute calibration for high throughput sequencing},
	journal   = "BMC Genomics",
	year      = {2009},
}
@article{ChIP09,
	author = {Angela R. Wu and Joseph B. Hiatt and Rong Lu and Joanne L. Attema and Neethan A. Lobo and Irving L. Weissman and Michael F. Clarke and Stephen R. Quake},
	title = {Automated microfluidic chromatin immunoprecipitation from 2,000 cells},
	journal = {Lab on a Chip},
	year = {2009},
	volume = {9},
	pages = {1365--1370},
}
@article{decfail09,
	author    = {Clarissa Lui and Nathaniel C. Cady and Carl A. Batt},
	title     = {Nucleic Acid-based Detection of Bacterial Pathogens Using Integrated Microfluidic Platform Systems},
	journal   = "Sensors",
	year      = {2009},
	volume    = {9(5)},
	pages     = {3713--3744},
}
@article{MPFS09,
	author = {Pollack, M. G. and  Fair, R. B. and Shenderov, Alexander D.},
	title = {Electrowetting-based actuation of liquid droplets for microfluidic applications},
	journal = {Appl. Phys. Lett.},
	volume = {77},
	number = {11},
	year = {2009},
	pages = {1725--1726},
} 
*******************************************************************************
2010:
@article{procry10,
	author    = {Liang Li and Rustem F. Ismagilov},
	title     = {Protein Crystallization Using Microfluidic Technologies Based on Valves, Droplets, and SlipChip},
	journal   = "Annu. Rev. Biophys.",
	year      = {2010},
	volume    = {39},
	pages     = {139--158},
}
@article{oligo10,
	author    = {Cheng-Chung Lee and Thomas M. Snyder and Stephen R. Quake},
	title     = {A microfluidic oligonucleotide synthesizer},
	journal   = "Nucleic Acids Research",
	year      = {2010},
	volume    = {38},
	number    = 8,
	pages     = {2514--2521},
}
@article{MHSZ10,
	author    = {Daniel Mark and Stefan Haeberle and  G\"unter Roth and Felix von Stetten and Roland Zengerle},
	title     = {Microfluidic lab-on-a-chip platforms: requirements, characteristics and applications},
	journal   = "Chem. Soc. Rev.",
	year      = {2010},
	volume    = {39},
	pages     = {1153-1182},
}
@article{SV10,
	author    = {Cong Fang and Yanju Wang and Nam T. Vu and Wei-Yu Lin and Yao-Te Hsieh and Liudmilla Rubbi and Michael E. Phelps and Markus Müschen and Yong-Mi Kim and Arion F. Chatziioannou and Hsian-Rong Tseng and Thomas G. Graeber},
	title     = {Integrated Microfluidic and Imaging Platform for a Kinase Activity Radioassay to Analyze Minute Patient Cancer Samples},
	journal   = "Cancer Res.",
	year      = {2010},
	volume    = {70},
	number    = 21,
	pages     = {8299-8308},
}
@article{celltrap10,
	author = {Kshitiz Gupta and Deok-Ho Kim and David Ellison and Christopher Smith and Arnab Kundu and Jessica Tuan and Kahp-Yang Suh and Andre Levchenko},
	title = {Lab-on-a-chip devices as an emerging platform for stem cell biology},
	journal = {Lab on a Chip},
	year = {2010},
	volume = {10},
	pages = {2019--2031},
}
*******************************************************************************
2011:
@article{celltrap11,
	author = {Adam K. White and Michael VanInsberghe and Oleh I. Petriv and Mani Hamidi and Darek Sikorski and Marco A. Marra and James Piret and Samuel Aparicio and Carl L. Hansen},
	title = {High-throughput microfluidic single-cell {RT}-q{PCR}},
	journal = {Proc. Natl. Acad. Sci.},
	year = {2011},
	volume = {108},
	number = {34},
	pages = {13999--14004},
}
@article{matrix,
	author    = {L. M. Fidalgo and S. J. Maerkl},
	title     = {A software-programmable microfluidic device for automated biology},
	journal   = "Lab on a Chip",
	year      = {2011},
	volume    = {11},
	pages     = {1612--1619},
}
*******************************************************************************
2012:
@article{Araci12,
	author = {Ismail Emre Araci and Stephen R. Quake},
	title = {Microfluidic very large scale integration (m{VLSI}) with integrated micromechanical valves},
	journal = {Lab on a Chip},
	year = {2012},
	volume = {12},
	pages = {2803--2806},
}
@article{ChIP12,
	author = {A. R. Wu and T. L.A. Kawahara and N. A. Rapicavoli and J. van Riggelen and E. H. Shroff and L. Xu and D. W. Felsher and H. Y. Chang and S. R. Quake},
	title = {High throughput automated chromatin immunoprecipitation as a platform for drug screening and antibody validation},
	journal = {Lab on a Chip},
	year = {2012},
	volume = {12},
	pages = {2190--2198},
}
@article{lysis12,
	author = {Yan Chen and Baoyue Zhang and Hongtao Feng and Weiliang Shu and Gina Y. Chen and Jiang F. Zhong},
	title = {An automated microfluidic device for assessment of mammalian cell genetic stability},
	journal = {Lab on a Chip},
	year = {2012},
	volume = {12},
	pages = {3930-3935},
}
@article{cellculture12,
	author = {Jianbin Wang nad H. Christina Fan and Barry Behr and Stephen R. Quake},
	title = {Genome-Wide Single-Cell Analysis of Recombination Activity and $de$ $novo$ Mutation Rates in Human Sperm},
	journal = {Cell},
	year = {2012},
	volume = {150},
	number = {2},
	pages = {402--412},
}
*******************************************************************************
2013:
@article{Maerkl13,
	author = {Henrike Niederholtmeyer and Viktoria Stepanova and Sebastian J. Maerkl},
	title = {Implementation of cell-free biological networks at steady state},
	journal = {Proc. Natl. Acad. Sci.},
	year = {2013},
	volume = {110},
	number = {40},
	pages = {15985--15990},
}
*******************************************************************************
2014:
@article{overdigest,
	author = {Oscar Flores and \"{O}zgen Deniz and Montserrat Soler-L\'{o}pez and Modesto Orozco},
	title = {Fuzziness and noise in nucleosomal architecture},
	booktitle = {Nucleic Acids Research},
	year = {2014},
	pages = {1--13},
}
@article{protocol14,
	author    = {Nicolas Vergauwe and Steven Vermeir and Josias B. Wacker and Frederik Ceyssens and Matteo Cornaglia and Robert Puers and Martin A.M. Gijs and Jeroen Lammertyn and Daan Witters},
	title     = {A highly efficient extraction protocol for magnetic particles on a digital microfluidic chip},
	journal   = "Sensors and Actuators B: Chemical",
	year      = {2014},
	pages     = {282--291},
}
@article{PCR14,
	author    = {Xiran Jiang and Ning Shao and Wenwen Jing and Shengce Tao and Sixiu Liu and Guodong Sui},
	title     = {Microfluidic chip integrating high throughput continuous-flow {PCR} and {DNA} hybridization for bacteria analysis},
	journal   = "Talanta",
	year      = {2014},
	pages     = {246--250},
}
*******************************************************************************
2015:
@book{RNasePrice,
        author = "{Qiagen, Inc.}",
        title = "{QIAGEN} {RN}ase Inhibitor",
        year = 2015,
        publisher = "\\http://www.qiagen.com",
}
@book{StanfordFoundry,
        author = "{Stanford Foundry}",
        title = "Basic Design Rules",
        publisher = "\\http://web.stanford.edu/group/foundry",
}
*******************************************************************************
2017:
@book{AutoCAD,
        author = "{AUTODESK}",
        title = "AutoCAD",
        publisher = "\\http://www.autodesk.com/products/autocad/overview",
}
